@inproceedings{DBLP:conf/doceng/MarriottSS17,
  author    = {Kim Marriott and
               Steven Simske and
               Margaret Sturgill},
  title     = {Understanding the User: User Studies and User Evaluation for Document
               Engineering},
  booktitle = {Proceedings of the 2017 {ACM} Symposium on Document Engineering, DocEng
               2017, Valletta, Malta, September 4-7, 2017},
  pages     = {5},
  year      = {2017},
  crossref  = {DBLP:conf/doceng/2017},
  url       = {http://doi.acm.org/10.1145/3103010.3109452},
  doi       = {10.1145/3103010.3109452},
  timestamp = {Tue, 12 Sep 2017 10:24:09 +0200},
  biburl    = {http://dblp.org/rec/bib/conf/doceng/MarriottSS17},
  bibsource = {dblp computer science bibliography, http://dblp.org}
}

@misc{oswaldsharelatex,
  title={ShareLaTeX, the Online LaTeX Editor},
  year={2018},
  author={Oswald, Henry and Allen, James and Gough, Brian}
}

@article{fosu2014using,
  title={Using The Right Tool For The Right Job: An Introduction To LATEX},
  author={Fosu, Gabriel Obed},
  year={2014}
}

@misc{vantexstudio, 
  title={TeXstudio},
  year={2018},
  author={van der Zander, B and Sundermeyer, J and Braun, D and others},
  howpublished={\url{{https://www.texstudio.org/}}},
}

@article{koch2006texshop,
  title={TEXshop},
  author={Koch, Richard and Horn, Max and Wierda, Gerben and Contributros, Various},
  journal={See website at http://www. uoregon. edu/koch/texshop/texshop. html},
  year={2006}
}

@article{collins2015latexmk,
  title={Latexmk 4.43 a: Fully automated LaTeX document generation},
  author={Collins, J},
  journal={Penn State Department of Physics, Pennsylvania State University},
  year={2015}
}

@misc{overleaf,
  author={Overleaf},
  year={2018},
  title={Overleaf, Collaborative Writing and Publishing},
  url={https://www.overleaf.com},
}

@book{strauss1990basics,
  title={Basics of qualitative research: Grounded theory procedures and techniques.},
  author={Strauss, Anselm and Corbin, Juliet M},
  year={1990},
  publisher={Sage Publications, Inc}
}

@inproceedings{lewis2009factor,
  title={The factor structure of the system usability scale},
  author={Lewis, James R and Sauro, Jeff},
  booktitle={International conference on human centered design},
  pages={94--103},
  year={2009},
  organization={Springer}
}

@article{brooke1996sus,
  title={SUS-A quick and dirty usability scale},
  author={Brooke, John and others},
  journal={Usability evaluation in industry},
  volume={189},
  number={194},
  pages={4--7},
  year={1996},
  publisher={London--}
}

@article{nielsen2009discount,
  title={Discount usability: 20 years},
  author={Nielsen, Jakob},
  journal={Jakob Nielsen's Alertbox Available at http://www. useit. com/alertbox/discount-usability. html [Accessed 23 January 2012]},
  year={2009}
}

@article{nielsen2015you,
  title={Why you only need to test with 5 users, March 19, 2000},
  author={Nielsen, Jakob},
  journal={Useit.com Alertbox},
  volume={27},
  year={2015}
}

@inproceedings{nielsen1989usability,
  title={Usability engineering at a discount},
  author={Nielsen, Jakob},
  booktitle={Proceedings of the third international conference on human-computer interaction on Designing and using human-computer interfaces and knowledge based systems (2nd ed.)},
  pages={394--401},
  year={1989},
  organization={Elsevier Science Inc.}
}

@misc{overleafstat,
  author={Overleaf},
  year={2017},
  title={600,000 users on Overleaf make over 2 billion edits!},
  url={https://www.overleaf.com/blog/449-600-000-users-on-overleaf-make-over-2-billion-edits},
}


@misc{latexrun,
  author={Aclements},
  year={2015},
  title={A 21st century LaTeX wrapper},
  url={https://github.com/aclements/latexrun/},
}

@article{gratzer2008gentle,
  title={A gentle learning curve for LATEX},
  year={2008},
  author={Gr{\"a}tzer, G},
  url={https://tug.org/pracjourn/2008-3/gratzer/gratzer.pdf},
}

@proceedings{DBLP:conf/doceng/2017,
  editor    = {Kenneth P. Camilleri and
               Alexandra Bonnici},
  title     = {Proceedings of the 2017 {ACM} Symposium on Document Engineering, DocEng
               2017, Valletta, Malta, September 4-7, 2017},
  publisher = {{ACM}},
  year      = {2017},
  url       = {http://doi.acm.org/10.1145/3103010},
  doi       = {10.1145/3103010},
  isbn      = {978-1-4503-4689-4},
  timestamp = {Tue, 12 Sep 2017 10:04:32 +0200},
  biburl    = {http://dblp.org/rec/bib/conf/doceng/2017},
  bibsource = {dblp computer science bibliography, http://dblp.org}
}

@inproceedings{Hassan:2015:BDC:2682571.2797063,
 author = {Hassan, Tamir and Damera Venkata, Niranjan},
 title = {The Browser As a Document Composition Engine},
 booktitle = {Proceedings of the 2015 ACM Symposium on Document Engineering},
 series = {DocEng '15},
 year = {2015},
 isbn = {978-1-4503-3307-8},
 location = {Lausanne, Switzerland},
 pages = {3--12},
 numpages = {10},
 url = {http://doi.acm.org.ezproxy.auckland.ac.nz/10.1145/2682571.2797063},
 doi = {10.1145/2682571.2797063},
 acmid = {2797063},
 publisher = {ACM},
 address = {New York, NY, USA},
 keywords = {automated publishing, browser-independent rendering, css, html, printing from the web},
} 
@inproceedings{Spinaci:2017:RJE:3103010.3103018,
 author = {Spinaci, Gianmarco and Peroni, Silvio and Di Iorio, Angelo and Poggi, Francesco and Vitali, Fabio},
 title = {The RASH JavaScript Editor (RAJE): A Wordprocessor for Writing Web-first Scholarly Articles},
 booktitle = {Proceedings of the 2017 ACM Symposium on Document Engineering},
 series = {DocEng '17},
 year = {2017},
 isbn = {978-1-4503-4689-4},
 location = {Valletta, Malta},
 pages = {85--94},
 numpages = {10},
 url = {http://doi.acm.org.ezproxy.auckland.ac.nz/10.1145/3103010.3103018},
 doi = {10.1145/3103010.3103018},
 acmid = {3103018},
 publisher = {ACM},
 address = {New York, NY, USA},
 keywords = {html-based scholarly articles, raje, rash, rash framework, research article in simplified html, research communication, web-first format},
} 
@inproceedings{Gormish:2009:EDP:1600193.1600229,
 author = {Gormish, Michael J. and Piersol, Kurt and Gudan, Ken and Barrus, John},
 title = {An e-Writer for Documents Plus Strokes},
 booktitle = {Proceedings of the 9th ACM Symposium on Document Engineering},
 series = {DocEng '09},
 year = {2009},
 isbn = {978-1-60558-575-8},
 location = {Munich, Germany},
 pages = {157--160},
 numpages = {4},
 url = {http://doi.acm.org.ezproxy.auckland.ac.nz/10.1145/1600193.1600229},
 doi = {10.1145/1600193.1600229},
 acmid = {1600229},
 publisher = {ACM},
 address = {New York, NY, USA},
 keywords = {electronic paper, paper-like, paperless, pen strokes, workflow},
} 

@book{brown2013integrated,
  title={Integrated project support environments: the aspect project},
  author={Brown, Alan W},
  volume={33},
  year={2013},
  publisher={Elsevier}
}

@misc{wang2013online,
  title={Online publish via pdf2htmlEX},
  author={WANG, Lu and LIU, Wanmin},
  year={2013},
  publisher={TUGboat}
}

@book{banker2011mongodb,
  title={MongoDB in action},
  author={Banker, Kyle},
  year={2011},
  publisher={Manning Publications Co.}
}

@misc{soft2011bakoma,
  title={BaKoMa TEX 9.77},
  author={Soft, BaKoMa},
  year={2011},
  url={http://www.bakoma.com}
}

@misc{libsynctex2011,
  title={Library for Parsing SyncTeX files},
  author={Laurens, Jer{\^o}me},
  year={2011},
  url={https://packages.debian.org/sid/libsynctex-dev}
}


@misc{libpdf2008,
  title={Portable Document Format},
  author={Adobe},
  year={2008},
  url={https://www.adobe.com/content/dam/acom/en/devnet/pdf/pdfs/PDF32000\_2008.pdf},
}

@misc{libevince,
  title={Document Viewer},
  author={GNOME},
  year={2018},
  url={https://github.com/GNOME/evince}
}

@misc{acejs,
  title={Ace - The High Performance Code Editor for the Web},
  author={ACE},
  year={2018},
  url={https://ace.c9.io/}
}

@book{spurlock2013bootstrap,
  title={Bootstrap: Responsive Web Development},
  author={Spurlock, Jake},
  year={2013},
  publisher={" O'Reilly Media, Inc."}
}

@book{bibeault2008jquery,
  title={jQuery in Action},
  author={Bibeault, Bear and Kats, Yehuda},
  year={2008},
  publisher={Dreamtech Press}
}
@misc{libpoppler2008,
  title={Poppler Pdf Rendering library},
  author={FreeDesktop},
  year={2018},
  url={http://poppler.freedesktop.org/}
}

@misc{pdfjs,
  title={What browsers are supported by PDF.js?},
  author={Mozilla},
  year={2018},
  url={https://github.com/mozilla/pdf.js/wiki/Frequently-Asked-Questions}
}

@misc{pdfjsintro,
  title={A general-purpose, web standards-based platform for parsing and rendering PDFs},
  author={Mozilla},
  year={2018},
  url={https://mozilla.github.io/pdf.js/}
}

@article{laurens2008direct,
  title={Direct and reverse synchronization with SyncTEX},
  author={Laurens, Jer{\^o}me},
  journal={TUGBoat},
  volume={29},
  pages={365--371},
  year={2008},
  publisher={Citeseer}
}

@book{carlson2013redis,
  title={Redis in action},
  author={Carlson, Josiah L},
  year={2013},
  publisher={Manning Publications Co.}
}

@book{silberschatz2014operating,
  title={Operating system concepts essentials},
  author={Silberschatz, Abraham and Galvin, Peter Baer and Gagne, Greg},
  year={2014},
  publisher={John Wiley \& Sons, Inc.}
}

@article{lee2011improving,
  title={Improving job scheduling algorithms in a grid environment},
  author={Lee, Yun-Han and Leu, Seiven and Chang, Ruay-Shiung},
  journal={Future generation computer systems},
  volume={27},
  number={8},
  pages={991--998},
  year={2011},
  publisher={Elsevier}
}

@article{kastrup2002revisiting,
  title={Revisiting WYSIWYG paradigms for authoring LATEX},
  author={Kastrup, David},
  journal={COMMUNICATIONS OF THE TEX USERS GROUP TUGBOAT EDITOR BARBARA BEETON PROCEEDINGS EDITORS KAJA CHRISTIANSEN},
  volume={23},
  number={1},
  pages={57},
  year={2002}
}

@article{merkel2014docker,
  title={Docker: lightweight linux containers for consistent development and deployment},
  author={Merkel, Dirk},
  journal={Linux Journal},
  volume={2014},
  number={239},
  pages={2},
  year={2014},
  publisher={Belltown Media}
}

@article{cervone2012mathjax,
  title={MathJax: a platform for mathematics on the Web},
  author={Cervone, Davide},
  journal={Notices of the AMS},
  volume={59},
  number={2},
  pages={312--316},
  year={2012}
}