%% This BibTeX bibliography file was created using BibDesk.
%% http://www.cs.ucsd.edu/~mmccrack/bibdesk.html


%% Created for neil at 2003-03-27 13:20:36 +1200 



%% This BibTeX bibliography file was created using BibDesk.
%% http://bibdesk.sourceforge.net/


%% Created for winston at 2016-04-02 14:11:51 +1300 


%% Saved with string encoding Unicode (UTF-8) 

@book{lynch1996distributed,
  title={Distributed algorithms},
  author={Lynch, Nancy A},
  year={1996},
  publisher={Morgan Kaufmann}
}

@article{haddadi2010fighting,
  title={Fighting online click-fraud using bluff ads},
  author={Haddadi, Hamed},
  journal={ACM SIGCOMM Computer Communication Review},
  volume={40},
  number={2},
  pages={21--25},
  year={2010},
  publisher={ACM}
}

@incollection{zhu2017ad,
  title={Ad Fraud Categorization and Detection Methods},
  author={Zhu, Xingquan and Tao, Haicheng and Wu, Zhiang and Cao, Jie and Kalish, Kristopher and Kayne, Jeremy},
  booktitle={Fraud Prevention in Online Digital Advertising},
  pages={25--38},
  year={2017},
  publisher={Springer}
}

@inproceedings{zhang2008detecting,
  title={Detecting click fraud in pay-per-click streams of online advertising networks},
  author={Zhang, Linfeng and Guan, Yong},
  booktitle={Distributed Computing Systems, 2008. ICDCS'08. The 28th International Conference on},
  pages={77--84},
  year={2008},
  organization={IEEE}
}


@inproceedings{miller2011s,
  title={What's Clicking What? Techniques and Innovations of Today's Clickbots.},
  author={Miller, Brad and Pearce, Paul and Grier, Chris and Kreibich, Christian and Paxson, Vern},
  booktitle={DIMVA},
  pages={164--183},
  year={2011},
  organization={Springer}
}

@article{kshetri2010economics,
  title={The economics of click fraud},
  author={Kshetri, Nir},
  journal={IEEE Security \& Privacy},
  volume={8},
  number={3},
  pages={45--53},
  year={2010},
  publisher={IEEE}
}

@inproceedings{mutti2015baredroid,
  title={BareDroid: Large-scale analysis of Android apps on real devices},
  author={Mutti, Simone and Fratantonio, Yanick and Bianchi, Antonio and Invernizzi, Luca and Corbetta, Jacopo and Kirat, Dhilung and Kruegel, Christopher and Vigna, Giovanni},
  booktitle={Proceedings of the 31st Annual Computer Security Applications Conference},
  pages={71--80},
  year={2015},
  organization={ACM}
}

@article{graphics2008mesa3d,
  title={Mesa3d source code. Available from git},
  author={Graphics, Tungsten},
  journal={anongit. freedesktop. org/git/mesa/mesa},
  year={2008}
}

@article{shapiro1965analysis,
  title={An analysis of variance test for normality (complete samples)},
  author={Shapiro, Samuel Sanford and Wilk, Martin B},
  journal={Biometrika},
  volume={52},
  number={3/4},
  pages={591--611},
  year={1965},
  publisher={JSTOR}
}

@article{joanes1998comparing,
  title={Comparing measures of sample skewness and kurtosis},
  author={Joanes, DN and Gill, CA},
  journal={Journal of the Royal Statistical Society: Series D (The Statistician)},
  volume={47},
  number={1},
  pages={183--189},
  year={1998},
  publisher={Wiley Online Library}
}

@inproceedings{vanhoef2016mac,
  title={Why MAC address randomization is not enough: An analysis of Wi-Fi network discovery mechanisms},
  author={Vanhoef, Mathy and Matte, C{\'e}lestin and Cunche, Mathieu and Cardoso, Leonardo S and Piessens, Frank},
  booktitle={Proceedings of the 11th ACM on Asia Conference on Computer and Communications Security},
  pages={413--424},
  year={2016},
  organization={ACM}
}

@incollection{zechner2016android,
  title={An Android in Every Home},
  author={Zechner, Mario and DiMarzio, JF and Green, Robert},
  booktitle={Beginning Android Games},
  pages={1--14},
  year={2016},
  publisher={Springer}
}

@book{hashimoto2013vagrant,
  title={Vagrant: Up and Running: Create and Manage Virtualized Development Environments},
  author={Hashimoto, Mitchell},
  year={2013},
  publisher={" O'Reilly Media, Inc."}
}

@article{ververidis2008service,
  title={Service discovery for mobile ad hoc networks: a survey of issues and techniques},
  author={Ververidis, Christopher N and Polyzos, George C},
  journal={IEEE Communications Surveys \& Tutorials},
  volume={10},
  number={3},
  year={2008},
  publisher={IEEE}
}

@article{wilbur2009click,
  title={Click fraud},
  author={Wilbur, Kenneth C and Zhu, Yi},
  journal={Marketing Science},
  volume={28},
  number={2},
  pages={293--308},
  year={2009},
  publisher={INFORMS}
}

@inproceedings{yan2012droidscope,
  title={DroidScope: Seamlessly Reconstructing the OS and Dalvik Semantic Views for Dynamic Android Malware Analysis.},
  author={Yan, Lok-Kwong and Yin, Heng},
  booktitle={USENIX security symposium},
  pages={569--584},
  year={2012}
}

@article{arzt2014flowdroid,
  title={Flowdroid: Precise context, flow, field, object-sensitive and lifecycle-aware taint analysis for android apps},
  author={Arzt, Steven and Rasthofer, Siegfried and Fritz, Christian and Bodden, Eric and Bartel, Alexandre and Klein, Jacques and Le Traon, Yves and Octeau, Damien and McDaniel, Patrick},
  journal={Acm Sigplan Notices},
  volume={49},
  number={6},
  pages={259--269},
  year={2014},
  publisher={ACM}
}

@misc{androiddetect,
title={Easy to detect android emulator},
url={https://github.com/framgia/android-emulator-detector}}

@article{ooura1999improvement,
  title={Improvement of the pi calculation algorithm and implementation of fast multiple precision computation},
  author={Ooura, T},
  journal={Transactions-Japan Society for Industrial and Applied Mathematics},
  volume={9},
  number={4},
  pages={165--172},
  year={1999},
  publisher={JAPAN SOCIETY FOR INDUSTRIAL AND APPLIED}
}

@inproceedings{vidas2014evading,
  title={Evading android runtime analysis via sandbox detection},
  author={Vidas, Timothy and Christin, Nicolas},
  booktitle={Proceedings of the 9th ACM symposium on Information, computer and communications security},
  pages={447--458},
  year={2014},
  organization={ACM}
}

@misc{andemu,
title={Official Android Emulator},
url={https://developer.android.com/studio/run/emulator.html}}

@misc{imeitool,
title={IMEI Tool},
url={https://github.com/v3l0c1r4pt0r/imeitool}}

@misc{fakeinfo,
title={Android Fake Info Generator},
url={http://www.myfakeinfo.com/mobile/get-android-device-information.php}}

@misc{mac80211hwsim,
title={MAC 80211 Software Simulator},
url={https://wireless.wiki.kernel.org/en/users/drivers/mac80211\_hwsim}}

@misc{mac80211hwsim,
title={MAC 80211 Software Simulator},
url={https://wireless.wiki.kernel.org/en/users/drivers/mac80211\_hwsim}}

@article{OpenGLESEXAM,
  title={OpenGL ES example program},
  url={https://goo.gl/1xjc8Mcontent}  
}

@inproceedings{cho2015empirical,
  title={An empirical study of click fraud in mobile advertising networks},
  author={Cho, Geumhwan and Cho, Junsung and Song, Youngbae and Kim, Hyoungshick},
  booktitle={Availability, Reliability and Security (ARES), 2015 10th International Conference on},
  pages={382--388},
  year={2015},
  organization={IEEE}
}

@incollection{nguyen2014efficient,
  title={An Efficient Video Hooking in Androidx86 to Reduce Server Overhead in Virtual Desktop Infrastructure},
  author={Nguyen, Tien-Dung and Huynh, Cong-Thinh and Lee, Hyun-Woo and Huh, Eui-Nam},
  booktitle={Ubiquitous Information Technologies and Applications},
  pages={107--114},
  year={2014},
  publisher={Springer}
}

@inproceedings{hunt2010zookeeper,
  title={ZooKeeper: Wait-free Coordination for Internet-scale Systems.},
  author={Hunt, Patrick and Konar, Mahadev and Junqueira, Flavio Paiva and Reed, Benjamin},
  booktitle={USENIX annual technical conference},
  volume={8},
  pages={9},
  year={2010},
  organization={Boston, MA, USA}
}

@article{lakshman2010cassandra,
  title={Cassandra: a decentralized structured storage system},
  author={Lakshman, Avinash and Malik, Prashant},
  journal={ACM SIGOPS Operating Systems Review},
  volume={44},
  number={2},
  pages={35--40},
  year={2010},
  publisher={ACM}
}

@article{kulkarni2016deployment,
  title={Deployment of Calabash Automation Framework to Analyze the Performance of an Android Application},
  author={Kulkarni, Madhuri Kishan and Soumya, A},
  journal={Journal for Research| Volume},
  volume={2},
  number={03},
  year={2016}
}

@book{munshi2008opengl,
  title={OpenGL ES 2.0 programming guide},
  author={Munshi, Aaftab and Ginsburg, Dan and Shreiner, Dave},
  year={2008},
  publisher={Pearson Education}
}

@misc{bluestack,
title={BlueStack},
url={http://www.bluestacks.com/}}

@misc{plagues,
title={Click fraud plagues today's mobile economy},
url={https://techbeacon.com/how-avoid-click-fraud-todays-mobile-ad-economy}}



@misc{skia,
title={Skia Graphics Library},
url={https://skia.org/}}

@misc{genymotion,
title={Genymotion},
url={https://www.genymotion.com/}}

@book{tanenbaum2009modern,
  title={Modern operating systems},
  author={Tanenbaum, Andrew},
  year={2009},
  publisher={Pearson Education, Inc.,}
}

@misc{vpscom,
title={VPS Comparsion},
url={https://github.com/joedicastro/vps-comparison}}

@inproceedings{felt2011survey,
  title={A survey of mobile malware in the wild},
  author={Felt, Adrienne Porter and Finifter, Matthew and Chin, Erika and Hanna, Steve and Wagner, David},
  booktitle={Proceedings of the 1st ACM workshop on Security and privacy in smartphones and mobile devices},
  pages={3--14},
  year={2011},
  organization={ACM}
}

@inproceedings{crussell2014madfraud,
  title={Madfraud: Investigating ad fraud in android applications},
  author={Crussell, Jonathan and Stevens, Ryan and Chen, Hao},
  booktitle={Proceedings of the 12th annual international conference on Mobile systems, applications, and services},
  pages={123--134},
  year={2014},
  organization={ACM}
}

@misc{clickfraid,
title={Why fighting mobile click fraud is a waste of time},
url={https://www.clickz.com/why-fighting-mobile-click-fraud-is-a-waste-of-time/98401/}}


@misc{clickfraid1,
title={Mobile click fraud: What 24 billion clicks on 700 ad networks reveal},
url={https://www.tune.com/blog/mobile-ad-fraud-24-billion-clicks-700-ad-networks-reveals/}}


@misc{clickfarm,
title={The bizarre 'click farm' of 10,000 phones that give FAKE 'likes' to our most-loved apps},
url={http://www.mirror.co.uk/news/world-news/bizarre-click-farm-10000-phones-10419403}}

@misc{clickphoto,
title={Inside Chinese Click Farms},
url={https://www.kotaku.com.au/2017/05/inside-chinese-click-farms/}}

@misc{losingbattle,
title={Businesses could lose 16.4 billion to online advertising click fraud in 2017: Report},
url={http://www.cnbc.com/2017/03/15/businesses-could-lose-164-billion-to-online-advert-fraud-in-2017.html}}

@misc{pricesmartphone,
title={Averge Selling Price for Smartphones},
url={https://www.statista.com/statistics/283334/global-average-selling-price-smartphones/}
}

@misc{vultrprice,
title={Vultr VPS price plan},
url={https://www.vultr.com/pricing/}
}

@misc{hooking,
  Title = {Dynamic linker hooking techniques},
  Url = {http://man7.org/linux/man-pages/man8/ld.so.8.html},
  Bdsk-Url-1 = {http://man7.org/linux/man-pages/man8/ld.so.8.html}}

@article{cho2016combating,
  title={Combating online fraud attacks in mobile-based advertising},
  author={Cho, Geumhwan and Cho, Junsung and Song, Youngbae and Choi, Donghyun and Kim, Hyoungshick},
  journal={EURASIP Journal on Information Security},
  volume={2016},
  number={1},
  pages={2},
  year={2016},
  publisher={Springer International Publishing}
}

@incollection{zhu2017ad,
  title={Ad Fraud Detection Tools and Systems},
  author={Zhu, Xingquan and Tao, Haicheng and Wu, Zhiang and Cao, Jie and Kalish, Kristopher and Kayne, Jeremy},
  booktitle={Fraud Prevention in Online Digital Advertising},
  pages={45--49},
  year={2017},
  publisher={Springer}
}

@inproceedings{crussell2014madfraud,
  title={Madfraud: Investigating ad fraud in android applications},
  author={Crussell, Jonathan and Stevens, Ryan and Chen, Hao},
  booktitle={Proceedings of the 12th annual international conference on Mobile systems, applications, and services},
  pages={123--134},
  year={2014},
  organization={ACM}
}

@article{oentaryo2014detecting,
  title={Detecting click fraud in online advertising: a data mining approach.},
  author={Oentaryo, Richard Jayadi and Lim, Ee-Peng and Finegold, Michael and Lo, David and Zhu, Feida and Phua, Clifton and Cheu, Eng-Yeow and Yap, Ghim-Eng and Sim, Kelvin and Nguyen, Minh Nhut and others},
  journal={Journal of Machine Learning Research},
  volume={15},
  number={1},
  pages={99--140},
  year={2014}
}

@incollection{kitts2015click,
  title={Click fraud detection: adversarial pattern recognition over 5 years at Microsoft},
  author={Kitts, Brendan and Zhang, Jing Ying and Wu, Gang and Brandi, Wesley and Beasley, Julien and Morrill, Kieran and Ettedgui, John and Siddhartha, Sid and Yuan, Hong and Gao, Feng and others},
  booktitle={Real World Data Mining Applications},
  pages={181--201},
  year={2015},
  publisher={Springer}
}

@inproceedings{juels2007combating,
  title={Combating Click Fraud via Premium Clicks.},
  author={Juels, Ari and Stamm, Sid and Jakobsson, Markus},
  booktitle={USENIX Security Symposium},
  pages={17--26},
  year={2007}
}

@inproceedings{liu2015efficient,
  title={Efficient privilege de-escalation for ad libraries in mobile apps},
  author={Liu, Bin and Liu, Bin and Jin, Hongxia and Govindan, Ramesh},
  booktitle={Proceedings of the 13th Annual International Conference on Mobile Systems, Applications, and Services},
  pages={89--103},
  year={2015},
  organization={ACM}
}

@inproceedings{nath2015madscope,
  title={Madscope: Characterizing mobile in-app targeted ads},
  author={Nath, Suman},
  booktitle={Proceedings of the 13th Annual International Conference on Mobile Systems, Applications, and Services},
  pages={59--73},
  year={2015},
  organization={ACM}
}
