@article{elliott2018,
  title={SwiftLaTeX: Exploring the true WYSWIYG editing for publication},
  author={Elliott Wen, Gerald Weber},
  journal={DocEng},
  year={2018}
}

@misc{hooking,
  Title = {Dynamic linker hooking techniques},
  Url = {http://man7.org/linux/man-pages/man8/ld.so.8.html}
  }


@inproceedings{wen2018going,
  title={Going Grey: Exploring the Potential of Electrophoretic Displays},
  author={Wen, Elliott and Weber, Gerald},
  booktitle={Proceedings of the 2018 ACM International Joint Conference and 2018 International Symposium on Pervasive and Ubiquitous Computing and Wearable Computers},
  pages={1761--1764},
  year={2018},
  organization={ACM}
}

@misc{emelyanovcriu,
  title={CRIU: Checkpoint/Restore In Userspace, July 2011},
  author={EMELYANOV, P}
}

@misc{reMarkable,
  title={reMarkable:Paper-like Tablet},
  url={https://remarkable.com/}
}

@inproceedings{smith2018developing,
  title={Developing a Typeface for Low Resolution E-Ink Displays},
  author={Smith, Benjamin and Groenewold, Terra David},
  booktitle={Extended Abstracts of the 2018 CHI Conference on Human Factors in Computing Systems},
  pages={SRC22},
  year={2018},
  organization={ACM}
}

@inproceedings{bent2009plfs,
  title={PLFS: a checkpoint filesystem for parallel applications},
  author={Bent, John and Gibson, Garth and Grider, Gary and McClelland, Ben and Nowoczynski, Paul and Nunez, James and Polte, Milo and Wingate, Meghan},
  booktitle={Proceedings of the Conference on High Performance Computing Networking, Storage and Analysis},
  pages={21},
  year={2009},
  organization={ACM}
}

@inproceedings{hassan2015browser,
  title={The browser as a document composition engine},
  author={Hassan, Tamir and Damera Venkata, Niranjan},
  booktitle={Proceedings of the 2015 ACM Symposium on Document Engineering},
  pages={3--12},
  year={2015},
  organization={ACM}
}

@inproceedings{hargrove2006berkeley,
  title={Berkeley lab checkpoint/restart (blcr) for linux clusters},
  author={Hargrove, Paul H and Duell, Jason C},
  booktitle={Journal of Physics: Conference Series},
  volume={46},
  number={1},
  pages={494},
  year={2006},
  organization={IOP Publishing}
}s

@misc{researchmarket,
    author = "{Research and Markets}",
    year = {2018},
    title = {{e-Paper Display Market 2016-2020}},
    howpublished = {\url{https://goo.gl/PvVHTs}},
}

@misc{foxitreader,
    author = "{Foxit Reader}",
    year = {2019},
    title = {{PDF Viewer from Foxit Software}},
    howpublished = {\url{https://goo.gl/w1918D}},
}


@misc{goinggrey2018,
    author = "{Nellie Bowles}",
    title = {Is the Answer to Phone Addiction or a Worse Phone?},
    howpublished = {\url{https://www.nytimes.com/2018/01/12/technology/grayscale-phone.html}},
}


@techreport{maurer2008discount,
  title={Discount Usability Testing},
  author={Maurer, Frank and Ghanam, Yaser},
  year={2008},
  institution={University of Calgary}
}

@article{dumas2006usability,
  title={Usability assessment methods},
  author={Dumas, Joseph S and Salzman, Marilyn C},
  journal={Reviews of human factors and ergonomics},
  volume={2},
  number={1},
  pages={109--140},
  year={2006},
  publisher={Sage Publications Sage CA: Los Angeles, CA}
}


@article{green1996usability,
  title={Usability Analysis of Visual Programming Environments: A 'Cognitive Dimensions' Framework},
  author={Green, Thomas R. G. and Petre, Marian and others},
  journal={Journal of visual languages and computing},
  volume={7},
  number={2},
  pages={131--174},
  year={1996}
}

@incollection{kieras1988towards,
  title={Towards a practical GOMS model methodology for user interface design},
  author={Kieras, David E},
  booktitle={Handbook of human-computer interaction},
  pages={135--157},
  year={1988},
  publisher={Elsevier}
}

@misc{Sipix,
    title = {{Flexible E-Ink Devices}},
    howpublished = {\url{https://goo.gl/LrWZl4}},
}

@misc{usbdrive,
    title = {{Usb Flash Drivers Using E-Ink}},
    howpublished = {\url{https://goo.gl/mOC1nl}},
}

@inproceedings{dierk2018alterwear,
  title={AlterWear: Battery-free wearable displays for opportunistic interactions},
  author={Dierk, Christine and Nicholas, Molly Jane Pearce and Paulos, Eric},
  booktitle={Proceedings of the 2018 CHI Conference on Human Factors in Computing Systems},
  pages={220},
  year={2018},
  organization={ACM}
}


@inproceedings{blankenbach201822,
  title={22-2: Smart Pharmaceutical Packaging with E-Paper Display for improved Patient Compliance},
  author={Blankenbach, Karlheinz and Duchemin, Peter and Rist, Benjamin and Bogner, Danny and Krause, Marcel},
  booktitle={SID Symposium Digest of Technical Papers},
  volume={49},
  number={1},
  pages={271--274},
  year={2018},
  organization={Wiley Online Library}
}

@article{dillon1988reading,
  title={Reading from paper versus reading from screen},
  author={Dillon, Andrew and McKnight, Cliff and Richardson, John},
  journal={The computer journal},
  volume={31},
  number={5},
  pages={457--464},
  year={1988},
  publisher={Oxford University Press}
}

@misc{time2018lawscreem,
url={http://time.com/3682621/this-country-just-made-it-illegal-to-give-kids-too-much-screen-time/},
journal={Time},
year={2018}
}

@inproceedings{babu2017comparison,
  title={Comparison of E-ink and OLED screens as train seat displays: a user study},
  author={Babu, Vivek Suresh and Oliveira, Luis and Birrell, Stewart and Taylor, Andy and Cain, Rebecca},
  booktitle={First International Conference on Intelligent Transport Systems},
  pages={294--300},
  year={2017},
  organization={Springer}
}

@article{elyazgi2015investigating,
  title={Investigating a Theoretical Framework for E-book Technology Acceptance},
  author={Elyazgi, Moamar and Ibrahim, Othman and Nilashi, Mehrbakhsh and Elyazgi, Salem and Abu-Ulbeh, Waheeb and Rayhan, Abdallah},
  journal={Journal of Soft Computing and Decision Support Systems},
  volume={2},
  number={5},
  pages={16--23},
  year={2015}
}

@article{wang2015study,
  title={A study of usability principles and interface design for mobile e-books},
  author={Wang, Chao-Ming and Huang, Ching-Hua},
  journal={Ergonomics},
  volume={58},
  number={8},
  pages={1253--1265},
  year={2015},
  publisher={Taylor \& Francis}
}

@article{park2015reading,
  title={Reading experiences influencing the acceptance of e-book devices},
  author={Park, Eunil and Sung, Jungyeon and Cho, Kwangsu},
  journal={The Electronic Library},
  volume={33},
  number={1},
  pages={120--135},
  year={2015},
  publisher={Emerald Group Publishing Limited}
}

@article{tosini2016effects,
  title={Effects of blue light on the circadian system and eye physiology},
  author={Tosini, Gianluca and Ferguson, Ian and Tsubota, Kazuo},
  journal={Molecular vision},
  volume={22},
  pages={61},
  year={2016},
  publisher={Emory University}
}

@book{kardaras2016glow,
  title={Glow Kids: How Screen Addiction Is Hijacking Our Kids-and How to Break the Trance},
  author={Kardaras, Nicholas},
  year={2016},
  publisher={St. Martin's Press}
}

@article{dauw2016screen,
  title={Screen Time and the Effects on Development for Children Ages Birth to Five Years},
  author={Dauw, Jessica M},
  year={2016}
}

@article{siegenthaler2012effects,
  title={The effects of touch screen technology on the usability of e-reading devices},
  author={Siegenthaler, Eva and Bochud, Yves and Wurtz, Pascal and Schmid, Laura and Bergamin, Per},
  journal={Journal of Usability Studies},
  volume={7},
  number={3},
  pages={94--104},
  year={2012},
  publisher={Usability Professionals' Association}
}

@incollection{chiu2018interactive,
  title={Interactive Electronic Book for Authentic Learning},
  author={Chiu, Po-Sheng and Su, Yen-Ning and Huang, Yueh-Min and Pu, Ying-Hung and Cheng, Pei-Yu and Chao, I-Ching and Huang, Yong-Ming},
  booktitle={Authentic Learning Through Advances in Technologies},
  pages={45--60},
  year={2018},
  publisher={Springer}
}
https://goo.gl/mOC1nl

@article{siegenthaler2012reading,
  title={Reading on LCD vs e-Ink displays: effects on fatigue and visual strain},
  author={Siegenthaler, Eva and Bochud, Yves and Bergamin, Per and Wurtz, Pascal},
  journal={Ophthalmic and Physiological Optics},
  volume={32},
  number={5},
  pages={367--374},
  year={2012},
  publisher={Wiley Online Library}
}

@article{herther2009kindle,
  title={Kindle DX: Amazon$\backslash$'s Latest Ebook Reader},
  author={Herther, Nancy K},
  year={2009}
}

@article{mone2013future,
  title={The future is flexible displays},
  author={Mone, Gregory},
  journal={Communications of the ACM},
  volume={56},
  number={6},
  pages={16--17},
  year={2013},
  publisher={ACM}
}

@inproceedings{xu2013design,
  title={Design of electronic shelf label based on electronic paper display},
  author={Xu, Jingping and Li, Wenjun},
  booktitle={Consumer Electronics, Communications and Networks (CECNet), 2013 3rd International Conference on},
  pages={250--253},
  year={2013},
  organization={IEEE}
}

@article{siegenthaler2011comparing,
  title={Comparing reading processes on e-ink displays and print},
  author={Siegenthaler, Eva and Wurtz, Pascal and Bergamin, Per and Groner, Rudolf},
  journal={Displays},
  volume={32},
  number={5},
  pages={268--273},
  year={2011},
  publisher={Elsevier}
}

@article{siegenthaler2010improving,
  title={Improving the usability of E-book readers},
  author={Siegenthaler, Eva and Wurtz, Pascal and Groner, Rudolf},
  journal={Journal of Usability Studies},
  volume={6},
  number={1},
  pages={25--38},
  year={2010},
  publisher={Usability Professionals' Association}
}

@article{weisberg2011student,
  title={Student attitudes and behaviors towards digital textbooks},
  author={Weisberg, Mitchell},
  journal={Publishing Research Quarterly},
  volume={27},
  number={2},
  pages={188--196},
  year={2011},
  publisher={Springer}
}

@article{counsell2007reducing,
  title={Reducing climate change gas emissions by cutting out stages in the life cycle of office paper},
  author={Counsell, Thomas AM and Allwood, Julian M},
  journal={Resources, Conservation and Recycling},
  volume={49},
  number={4},
  pages={340--352},
  year={2007},
  publisher={Elsevier}
}

@inproceedings{liu2014wi,
  title={Wi-Sleep: Contactless sleep monitoring via WiFi signals},
  author={Liu, Xuefeng and Cao, Jiannong and Tang, Shaojie and Wen, Jiaqi},
  booktitle={Real-Time Systems Symposium (RTSS), 2014 IEEE},
  pages={346--355},
  year={2014},
  organization={IEEE}
}

@inproceedings{wen2016ubitouch,
  title={UbiTouch: ubiquitous smartphone touchpads using built-in proximity and ambient light sensors},
  author={Wen, Elliott and Seah, Winston and Ng, Bryan and Liu, Xuefeng and Cao, Jiannong},
  booktitle={Proceedings of the 2016 ACM International Joint Conference on Pervasive and Ubiquitous Computing},
  pages={286--297},
  year={2016},
  organization={ACM}
}

@inproceedings{wen2017gbooster,
  title={GBooster: Towards Acceleration of GPU-intensive Mobile Applications},
  author={Wen, Elliott and Seah, Winston and Ng, Bryan and Liu, Xuefeng and Cao, Jiannong},
  booktitle={Proceedings of the 2017 IEEE ICDCS},
  
  year={2017},
  organization={IEEE}
}

@inproceedings{wen2015we,
  title={We help you watch your steps: Unobtrusive alertness system for pedestrian mobile phone users},
  author={Wen, Jiaqi and Cao, Jiannong and Liu, Xuefeng},
  booktitle={Pervasive Computing and Communications (PerCom), 2015 IEEE International Conference on},
  pages={105--113},
  year={2015},
  organization={IEEE}
}

@article{siegenthaler2012reading,
  title={Reading on LCD vs e-Ink displays: effects on fatigue and visual strain},
  author={Siegenthaler, Eva and Bochud, Yves and Bergamin, Per and Wurtz, Pascal},
  journal={Ophthalmic and Physiological Optics},
  volume={32},
  number={5},
  pages={367--374},
  year={2012},
  publisher={Wiley Online Library}
}

https://goo.gl/mOC1nl

@article{siegenthaler2012reading,
  title={Reading on LCD vs e-Ink displays: effects on fatigue and visual strain},
  author={Siegenthaler, Eva and Bochud, Yves and Bergamin, Per and Wurtz, Pascal},
  journal={Ophthalmic and Physiological Optics},
  volume={32},
  number={5},
  pages={367--374},
  year={2012},
  publisher={Wiley Online Library}
}

@article{herther2009kindle,
  title={Kindle DX: Amazon$\backslash$'s Latest Ebook Reader},
  author={Herther, Nancy K},
  year={2009}
}

@article{mone2013future,
  title={The future is flexible displays},
  author={Mone, Gregory},
  journal={Communications of the ACM},
  volume={56},
  number={6},
  pages={16--17},
  year={2013},
  publisher={ACM}
}

@inproceedings{xu2013design,
  title={Design of electronic shelf label based on electronic paper display},
  author={Xu, Jingping and Li, Wenjun},
  booktitle={Consumer Electronics, Communications and Networks (CECNet), 2013 3rd International Conference on},
  pages={250--253},
  year={2013},
  organization={IEEE}
}

@article{benedetto2013readers,
  title={E-readers and visual fatigue},
  author={Benedetto, Simone and Drai-Zerbib, V{\'e}ronique and Pedrotti, Marco and Tissier, Geoffrey and Baccino, Thierry},
  journal={PloS one},
  volume={8},
  number={12},
  pages={e83676},
  year={2013},
  publisher={Public Library of Science}
}

@article{benedetto2014effects,
  title={Effects of luminance and illuminance on visual fatigue and arousal during digital reading},
  author={Benedetto, Simone and Carbone, Andrea and Drai-Zerbib, V{\'e}ronique and Pedrotti, Marco and Baccino, Thierry},
  journal={Computers in human behavior},
  volume={41},
  pages={112--119},
  year={2014},
  publisher={Elsevier}
}

@article{zambarbieri2012eye,
  title={Eye movement analysis of reading from computer displays, eReaders and printed books},
  author={Zambarbieri, Daniela and Carniglia, Elena},
  journal={Ophthalmic and Physiological Optics},
  volume={32},
  number={5},
  pages={390--396},
  year={2012},
  publisher={Wiley Online Library}
}

@inproceedings{DBLP:conf/doceng/MarriottSS17,
  author    = {Kim Marriott and
               Steven Simske and
               Margaret Sturgill},
  title     = {Understanding the User: User Studies and User Evaluation for Document
               Engineering},
  booktitle = {Proceedings of the 2017 {ACM} Symposium on Document Engineering, DocEng
               2017, Valletta, Malta, September 4-7, 2017},
  pages     = {5},
  year      = {2017},
  crossref  = {DBLP:conf/doceng/2017},
  url       = {http://doi.acm.org/10.1145/3103010.3109452},
  doi       = {10.1145/3103010.3109452},
  timestamp = {Tue, 12 Sep 2017 10:24:09 +0200},
  biburl    = {http://dblp.org/rec/bib/conf/doceng/MarriottSS17},
  bibsource = {dblp computer science bibliography, http://dblp.org}
}

@misc{oswaldsharelatex,
  title={ShareLaTeX, the Online LaTeX Editor},
  year={2018},
  author={Oswald, Henry and Allen, James and Gough, Brian}
}

@article{fosu2014using,
  title={Using The Right Tool For The Right Job: An Introduction To LATEX},
  author={Fosu, Gabriel Obed},
  year={2014}
}

@misc{vantexstudio, 
  title={TeXstudio},
  year={2018},
  author={van der Zander, B and Sundermeyer, J and Braun, D and others},
  howpublished={\url{{https://www.texstudio.org/}}},
}

@article{koch2006texshop,
  title={TEXshop},
  author={Koch, Richard and Horn, Max and Wierda, Gerben and Contributros, Various},
  journal={See website at http://www. uoregon. edu/koch/texshop/texshop. html},
  year={2006}
}

@article{collins2015latexmk,
  title={Latexmk 4.43 a: Fully automated LaTeX document generation},
  author={Collins, J},
  journal={Penn State Department of Physics, Pennsylvania State University},
  year={2015}
}

@misc{overleaf,
  author={Overleaf},
  year={2018},
  title={Overleaf, Collaborative Writing and Publishing},
  url={https://www.overleaf.com},
}

@book{strauss1990basics,
  title={Basics of qualitative research: Grounded theory procedures and techniques.},
  author={Strauss, Anselm and Corbin, Juliet M},
  year={1990},
  publisher={Sage Publications, Inc}
}

@inproceedings{lewis2009factor,
  title={The factor structure of the system usability scale},
  author={Lewis, James R and Sauro, Jeff},
  booktitle={International conference on human centered design},
  pages={94--103},
  year={2009},
  organization={Springer}
}

@article{brooke1996sus,
  title={SUS-A quick and dirty usability scale},
  author={Brooke, John and others},
  journal={Usability evaluation in industry},
  volume={189},
  number={194},
  pages={4--7},
  year={1996},
  publisher={London--}
}

@article{nielsen2009discount,
  title={Discount usability: 20 years},
  author={Nielsen, Jakob},
  journal={Jakob Nielsen's Alertbox Available at http://www. useit. com/alertbox/discount-usability. html [Accessed 23 January 2012]},
  year={2009}
}

@article{nielsen2015you,
  title={Why you only need to test with 5 users, March 19, 2000},
  author={Nielsen, Jakob},
  journal={Useit.com Alertbox},
  volume={27},
  year={2015}
}

@inproceedings{nielsen1989usability,
  title={Usability engineering at a discount},
  author={Nielsen, Jakob},
  booktitle={Proceedings of the third international conference on human-computer interaction on Designing and using human-computer interfaces and knowledge based systems (2nd ed.)},
  pages={394--401},
  year={1989},
  organization={Elsevier Science Inc.}
}

@misc{overleafstat,
  author={Overleaf},
  year={2017},
  title={600,000 users on Overleaf make over 2 billion edits!},
  url={https://www.overleaf.com/blog/449-600-000-users-on-overleaf-make-over-2-billion-edits},
}


@misc{latexrun,
  author={Aclements},
  year={2015},
  title={A 21st century LaTeX wrapper},
  url={https://github.com/aclements/latexrun/},
}

@article{gratzer2008gentle,
  title={A gentle learning curve for LATEX},
  year={2008},
  author={Gr{\"a}tzer, G},
  url={https://tug.org/pracjourn/2008-3/gratzer/gratzer.pdf},
}

@proceedings{DBLP:conf/doceng/2017,
  editor    = {Kenneth P. Camilleri and
               Alexandra Bonnici},
  title     = {Proceedings of the 2017 {ACM} Symposium on Document Engineering, DocEng
               2017, Valletta, Malta, September 4-7, 2017},
  publisher = {{ACM}},
  year      = {2017},
  url       = {http://doi.acm.org/10.1145/3103010},
  doi       = {10.1145/3103010},
  isbn      = {978-1-4503-4689-4},
  timestamp = {Tue, 12 Sep 2017 10:04:32 +0200},
  biburl    = {http://dblp.org/rec/bib/conf/doceng/2017},
  bibsource = {dblp computer science bibliography, http://dblp.org}
}

@inproceedings{Hassan:2015:BDC:2682571.2797063,
 author = {Hassan, Tamir and Damera Venkata, Niranjan},
 title = {The Browser As a Document Composition Engine},
 booktitle = {Proceedings of the 2015 ACM Symposium on Document Engineering},
 series = {DocEng '15},
 year = {2015},
 isbn = {978-1-4503-3307-8},
 location = {Lausanne, Switzerland},
 pages = {3--12},
 numpages = {10},
 url = {http://doi.acm.org.ezproxy.auckland.ac.nz/10.1145/2682571.2797063},
 doi = {10.1145/2682571.2797063},
 acmid = {2797063},
 publisher = {ACM},
 address = {New York, NY, USA},
 keywords = {automated publishing, browser-independent rendering, css, html, printing from the web},
} 
@inproceedings{Spinaci:2017:RJE:3103010.3103018,
 author = {Spinaci, Gianmarco and Peroni, Silvio and Di Iorio, Angelo and Poggi, Francesco and Vitali, Fabio},
 title = {The RASH JavaScript Editor (RAJE): A Wordprocessor for Writing Web-first Scholarly Articles},
 booktitle = {Proceedings of the 2017 ACM Symposium on Document Engineering},
 series = {DocEng '17},
 year = {2017},
 isbn = {978-1-4503-4689-4},
 location = {Valletta, Malta},
 pages = {85--94},
 numpages = {10},
 url = {http://doi.acm.org.ezproxy.auckland.ac.nz/10.1145/3103010.3103018},
 doi = {10.1145/3103010.3103018},
 acmid = {3103018},
 publisher = {ACM},
 address = {New York, NY, USA},
 keywords = {html-based scholarly articles, raje, rash, rash framework, research article in simplified html, research communication, web-first format},
} 
@inproceedings{Gormish:2009:EDP:1600193.1600229,
 author = {Gormish, Michael J. and Piersol, Kurt and Gudan, Ken and Barrus, John},
 title = {An e-Writer for Documents Plus Strokes},
 booktitle = {Proceedings of the 9th ACM Symposium on Document Engineering},
 series = {DocEng '09},
 year = {2009},
 isbn = {978-1-60558-575-8},
 location = {Munich, Germany},
 pages = {157--160},
 numpages = {4},
 url = {http://doi.acm.org.ezproxy.auckland.ac.nz/10.1145/1600193.1600229},
 doi = {10.1145/1600193.1600229},
 acmid = {1600229},
 publisher = {ACM},
 address = {New York, NY, USA},
 keywords = {electronic paper, paper-like, paperless, pen strokes, workflow},
} 

@book{brown2013integrated,
  title={Integrated project support environments: the aspect project},
  author={Brown, Alan W},
  volume={33},
  year={2013},
  publisher={Elsevier}
}

@article{peroni2017research,
  title={Research Articles in Simplified HTML: a Web-first format for HTML-based scholarly articles},
  author={Peroni, Silvio and Osborne, Francesco and Di Iorio, Angelo and Nuzzolese, Andrea Giovanni and Poggi, Francesco and Vitali, Fabio and Motta, Enrico},
  journal={PeerJ Computer Science},
  volume={3},
  pages={e132},
  year={2017},
  publisher={PeerJ Inc.}
}

@inproceedings{hargrove2006berkeley,
  title={Berkeley lab checkpoint/restart (blcr) for linux clusters},
  author={Hargrove, Paul H and Duell, Jason C},
  booktitle={Journal of Physics: Conference Series},
  volume={46},
  number={1},
  pages={494},
  year={2006},
  organization={IOP Publishing}
}


@misc{nxpsoc,
  title={i.MX6 Quad Applications Processors},
  url={https://goo.gl/mqtw9v}
}

@misc{onyxboox,
  title={ONYX BOOX electronic books},
  author={Onyx Intl},
  url={https://onyxboox.com}
}

@misc{emelyanovcriu,
  title={CRIU: Checkpoint/Restore In Userspace, July 2011},
  author={EMELYANOV, P},
  url={https://criu.org/}
}

@article{souders2008high,
  title={High-performance web sites},
  author={Souders, Steve},
  journal={Communications of the ACM},
  volume={51},
  number={12},
  pages={36--41},
  year={2008},
  publisher={ACM}
}

@article{williams2003font,
  title={Font creation with FontForge},
  author={Williams, George},
  journal={EuroTEX 2003 Proceedings, TUGboat},
  volume={24},
  number={3},
  pages={531--544},
  year={2003}
}

@misc{wpeos,
  title={WPE, a reference WebKit port for embedded and low-consumption devices},
  author={Webkit},
  year={2018},
  url={https://webkit.org/wpe},
}

@misc{mupdf,
  title={MuPDF, a lightweight PDF, XPS, and E-book viewer},
  author={mupdf},
  year={2018},
  url={https://mupdf.com},
}

@misc{poppler,
  title={PDF rendering library based on the xpdf-3.0 code base},
  author={Poppler},
  year={2018},
  url={https://poppler.freedesktop.org/},
}



@misc{wang2013online,
  title={Pdf2htmlEX},
  author={WANG, Lu and LIU, Wanmin},
  year={2013},
  url={https://goo.gl/89SDo6},
}

@misc{wang2013onlineperformance,
  title={Performance Comparison Between PDFs and HTMLs},
  author={WANG, Lu and LIU, Wanmin},
  year={2013},
  url={https://goo.gl/s2yd1x},
}

@misc{sharedb,
  title={ShareDB: A database frontend for concurrent editing systems},
  author={ShareDB},
  year={2011},
  url={https://goo.gl/wAT43N},
}

@book{banker2011mongodb,
  title={MongoDB in action},
  author={Banker, Kyle},
  year={2011},
  publisher={Manning Publications Co.}
}

@misc{soft2011bakoma,
  title={BaKoMa TEX 9.77},
  author={Soft, BaKoMa},
  year={2011},
  url={http://www.bakoma.com}
}

@misc{libsynctex2011,
  title={Library for Parsing SyncTeX files},
  author={Laurens, Jer{\^o}me},
  year={2011},
  url={https://packages.debian.org/sid/libsynctex-dev}
}


@misc{libpdf2008,
  title={Portable Document Format},
  author={Adobe},
  year={2008},
  url={https://www.adobe.com/content/dam/acom/en/devnet/pdf/pdfs/PDF32000\_2008.pdf},
}

@misc{libevince,
  title={Document Viewer},
  author={GNOME},
  year={2018},
  url={https://github.com/GNOME/evince}
}

@misc{acejs,
  title={Ace - The High Performance Code Editor for the Web},
  author={ACE},
  year={2018},
  url={https://ace.c9.io/}
}

@book{spurlock2013bootstrap,
  title={Bootstrap: Responsive Web Development},
  author={Spurlock, Jake},
  year={2013},
  publisher={" O'Reilly Media, Inc."}
}

@book{bibeault2008jquery,
  title={jQuery in Action},
  author={Bibeault, Bear and Kats, Yehuda},
  year={2008},
  publisher={Dreamtech Press}
}
@misc{libpoppler2008,
  title={Poppler Pdf Rendering library},
  author={FreeDesktop},
  year={2018},
  url={http://poppler.freedesktop.org/}
}

@misc{pdfjs,
  title={What browsers are supported by PDF.js?},
  author={Mozilla},
  year={2018},
  url={https://github.com/mozilla/pdf.js/wiki/Frequently-Asked-Questions}
}

@misc{pdfjsintro,
  title={A general-purpose, web standards-based platform for parsing and rendering PDFs},
  author={Mozilla},
  year={2018},
  url={https://mozilla.github.io/pdf.js/}
}

@article{laurens2008direct,
  title={Direct and reverse synchronization with SyncTEX},
  author={Laurens, Jer{\^o}me},
  journal={TUGBoat},
  volume={29},
  pages={365--371},
  year={2008},
  publisher={Citeseer}
}

@book{carlson2013redis,
  title={Redis in action},
  author={Carlson, Josiah L},
  year={2013},
  publisher={Manning Publications Co.}
}

@book{silberschatz2014operating,
  title={Operating system concepts essentials},
  author={Silberschatz, Abraham and Galvin, Peter Baer and Gagne, Greg},
  year={2014},
  publisher={John Wiley \& Sons, Inc.}
}

@article{lee2011improving,
  title={Improving job scheduling algorithms in a grid environment},
  author={Lee, Yun-Han and Leu, Seiven and Chang, Ruay-Shiung},
  journal={Future generation computer systems},
  volume={27},
  number={8},
  pages={991--998},
  year={2011},
  publisher={Elsevier}
}

@article{kastrup2002revisiting,
  title={Revisiting WYSIWYG paradigms for authoring LATEX},
  author={Kastrup, David},
  journal={COMMUNICATIONS OF THE TEX USERS GROUP TUGBOAT EDITOR BARBARA BEETON PROCEEDINGS EDITORS KAJA CHRISTIANSEN},
  volume={23},
  number={1},
  pages={57},
  year={2002}
}

@article{merkel2014docker,
  title={Docker: lightweight linux containers for consistent development and deployment},
  author={Merkel, Dirk},
  journal={Linux Journal},
  volume={2014},
  number={239},
  pages={2},
  year={2014},
  publisher={Belltown Media}
}

@article{cervone2012mathjax,
  title={MathJax: a platform for mathematics on the Web},
  author={Cervone, Davide},
  journal={Notices of the AMS},
  volume={59},
  number={2},
  pages={312--316},
  year={2012}
}